@inproceedings{JonesBeyondSession,
 author = {Jones, Rosie and Klinkner, Kristina Lisa},
 title = {Beyond the session timeout: automatic hierarchical segmentation of search topics in query logs},
 booktitle = {Proc. of CIKM},
 year = {2008},
 pages = {699--708},
}

@inproceedings{yamamoto2012wisdom,
  title={The wisdom of advertisers: mining subgoals via query clustering},
  author={Yamamoto, Takehiro and Sakai, Tetsuya and Iwata, Mayu and Yu, Chen and Wen, Ji-Rong and Tanaka, Katsumi},
  booktitle={Proceedings of the 21st ACM international conference on Information and knowledge management},
  pages={505--514},
  year={2012},
  organization={ACM}
}

@inproceedings{hassan2012task,
  title={Task tours: helping users tackle complex search tasks},
  author={Hassan, Ahmed and White, Ryen W},
  booktitle={Proceedings of the 21st ACM international conference on Information and knowledge management},
  pages={1885--1889},
  year={2012},
  organization={ACM}
}


@inproceedings{BroderAdQueryExpansion,
 author = {Broder, Andrei and Fontoura, Marcus and Josifovski, Vanja and Riedel, Lance},
 title = {A semantic approach to contextual advertising},
 booktitle = {Proc. of SIGIR},
 year = {2007},
 pages = {559--566},
} 


@inproceedings{RichardsonEstimatingCTR,
 author = {Richardson, Matthew and Dominowska, Ewa and Ragno, Robert},
 title = {Predicting clicks: estimating the click-through rate for new ads},
 booktitle = {Proc. of WWW},
 year = {2007},
 pages = {521--530},
}



@inproceedings{jansen2005examining,
  title={Examining Searcher Perceptions of and Interactions with Sponsored Results},
  author={Jansen, Bernard J. and Resnick, M},
  booktitle={Workshop on Sponsored Search Auctions},
  year={2005}
}


@inproceedings{DanescuNiculescuMizilInterplayAd,
 author = {Danescu-Niculescu-Mizil, Cristian and Broder, Andrei Z. and Gabrilovich, Evgeniy and Josifovski, Vanja and Pang, Bo},
 title = {Competing for users' attention: on the interplay between organic and sponsored search results},
 booktitle = {Proc. of WWW},
 pages={291--300},
 year = {2010},
}

@inproceedings{yumotoHowTo,
 author = {湯本高行},
 title = {手順の対応関係に基づくハウツー情報の階層化},
 booktitle = {第5回データ工学と情報マネジメントに関するフォーラム},
 year = {2013},
}




